[gd_scene load_steps=15 format=2]

[ext_resource path="res://resources/battle/fightbt_0.png" type="Texture" id=1]
[ext_resource path="res://resources/battle/actbt_0.png" type="Texture" id=2]
[ext_resource path="res://resources/battle/mercybt_0.png" type="Texture" id=3]
[ext_resource path="res://resources/battle/itembt_0.png" type="Texture" id=4]
[ext_resource path="res://CreateYourDot/Scenes/Battle/UT/UI/Buttons.cs" type="Script" id=5]
[ext_resource path="res://CreateYourDot/Scenes/Battle/UT/UI/UIButton.tscn" type="PackedScene" id=6]
[ext_resource path="res://resources/battle/fightbt_1.png" type="Texture" id=7]
[ext_resource path="res://resources/battle/actbt_1.png" type="Texture" id=8]
[ext_resource path="res://resources/battle/itembt_1.png" type="Texture" id=9]
[ext_resource path="res://resources/battle/mercybt_1.png" type="Texture" id=10]
[ext_resource path="res://CreateYourDot/Scenes/Battle/UT/UI/UIButtons/Fight.cs" type="Script" id=11]
[ext_resource path="res://CreateYourDot/Scenes/Battle/UT/UI/UIButtons/Item.cs" type="Script" id=12]
[ext_resource path="res://CreateYourDot/Scenes/Battle/UT/UI/UIButtons/Mercy.cs" type="Script" id=13]
[ext_resource path="res://CreateYourDot/Scenes/Battle/UT/UI/UIButtons/Act.cs" type="Script" id=14]

[node name="Buttons" type="Node2D"]
script = ExtResource( 5 )

[node name="Fight" parent="." instance=ExtResource( 6 )]
script = ExtResource( 11 )
UnactivatedTexture = ExtResource( 1 )
ActivatedTexture = ExtResource( 7 )

[node name="Act" parent="." instance=ExtResource( 6 )]
position = Vector2( 153, 0 )
script = ExtResource( 14 )
UnactivatedTexture = ExtResource( 2 )
ActivatedTexture = ExtResource( 8 )

[node name="Item" parent="." instance=ExtResource( 6 )]
position = Vector2( 313, 0 )
script = ExtResource( 12 )
UnactivatedTexture = ExtResource( 4 )
ActivatedTexture = ExtResource( 9 )

[node name="Mercy" parent="." instance=ExtResource( 6 )]
position = Vector2( 468, 0 )
script = ExtResource( 13 )
UnactivatedTexture = ExtResource( 3 )
ActivatedTexture = ExtResource( 10 )
